@article{beveragedaily.com2014May,
	author = {beveragedaily. com},
	title = {{Food safety is increasing in China and India}},
	journal = {beveragedaily.com},
	year = {2014},
	month = {May},
	url = {https://www.beveragedaily.com/Article/2014/05/26/3M-s-Petrifilm-30th-anniversary}
}

@misc{TrossenRobotics,
	title = {{Delta robot kinematics - Tutorials}},
	year = {2019},
	month = {Dec},
	note = {[Online; accessed 5. Dec. 2019]},
	url = {http://forums.trossenrobotics.com/tutorials/introduction-129/delta-robot-kinematics-3276}
}
@article{GantryBot,
	author = {Tuli, Tadele Belay},
	title = {{Mathematical Modeling and Dynamic Simulation of Gantry Robot Using Bond Graph}},
	journal = {SpringerLink},
	pages = {228--237},
	year = {2017},
	month = {Sep},
	publisher = {Springer, Cham},
	doi = {10.1007/978-3-319-95153-9_22}
}

@misc{robot_types,
	title = {{Types of Robots Based on Configuration {$\vert$} Plant Automation Technology}},
	year = {2018},
	month = {May},
	note = {[Online; accessed 5. Dec. 2019]},
	url = {https://www.plantautomation-technology.com/articles/types-of-robots-based-on-configuration}
}

@misc{Nema17,
	author = {Nema},
	title = {{Motion/Position Control Motors, Controls and Feedback Devices}},
	year = {2019},
	month = {Dec},
	note = {[Online; accessed 5. Dec. 2019]},
	url = {https://www.nema.org/Standards/Pages/Motion-Position-Control-Motors-Controls-and-Feedback-Devices.aspx}
}

@misc{gantry_workarea,
	title = {{Cartesian robots}},
	year = {2019},
	month = {Dec},
	note = {[Online; accessed 5. Dec. 2019]},
	url = {http://www.allonrobots.com/cartesian-robots.html}
}

@misc{Delta_Sim,
	title = {{SourceForge}},
	journal = {SourceForge},
	year = {2019},
	month = {Dec},
	note = {[Online; accessed 5. Dec. 2019]},
	url = {https://sourceforge.net/projects/visual-delta3}
}

@misc{Gantry_Exploded,
	title = {{Hydra-MMM Prototype - RepRap}},
	year = {2018},
	month = {Dec},
	note = {[Online; accessed 5. Dec. 2019]},
	url = {https://reprap.org/wiki/Hydra-MMM_Prototype}
}

@misc{NEMATorque,
	title = {{NEMA 17 Standard Hybrid Stepper Motors}},
	journal = {MOONS},
	year = {2019},
	month = {Dec},
	note = {[Online; accessed 5. Dec. 2019]},
	url = {https://www.moonsindustries.com/series/nema-17-standard-hybrid-stepper-motors-b020105}
}

@inproceedings{undegrad_robots,
author = {Blank, Douglas and Kumar, Deepak and Marshall, James and Meeden, Lisa},
year = {2007},
month = {01},
pages = {10-15},
title = {Advanced Robotics Projects for Undergraduate Students.},
journal = {AAAI Spring Symposium - Technical Report}
}

@misc{Stepper_Pulley,
	title = {{Carlicia Layosa}},
	year = {2019},
	month = {Dec},
	note = {[Online; accessed 5. Dec. 2019]},
	url = {https://blog.misumiusa.com/sizing-timing-belts-and-pulleys}
}

@misc{3M_Interpretation,
	title = {{3M{\texttrademark} Petrifilm Plates: Microbial Food Testing, Quality Indicator Test {$\vert$} 3M United States}},
	year = {2019},
	month = {Dec},
	note = {[Online; accessed 5. Dec. 2019]},
	url = {https://www.3m.com/3M/en_US/company-us/all-3m-products/~/All-3M-Products/Food-Safety-Microbiology/Quality-Indicator-Testing-3M-Petrifilm-Plates/?N=5002385+8711017+8711414+8716589+3294857497&rt=r3#howtouse}
}

@article{Cartisian_Design,
	author = {McTaggart, M. and Smith, R. and Erskine, J. and Grinover, R. and Lehnert, C.},
	title = {{Mechanical Design of a Cartesian Manipulator for Warehouse Pick and Place}},
	journal = {ResearchGate},
	year = {2017},
	month = {Sep},
	url = {https://www.researchgate.net/publication/319876160_Mechanical_Design_of_a_Cartesian_Manipulator_for_Warehouse_Pick_and_Place}
}

@article{Atmel,
    organization  = "Atmel",
    title         = "8-bit Atmel Microcontroller with 128 KBytes In-System Programmable Flash",
    number        = "ATmega128",
    year          =  2011,
    month         =  6,    
    note          = "Rev 2467Xâ€“AVR"
}